<?xml version="1.0" encoding="UTF-8"?><collection xmlns="http://www.loc.gov/MARC21/slim"><record><leader>00586nam--2200181-i-4500</leader><controlfield tag="001">000019956</controlfield><controlfield tag="002">20161230</controlfield><controlfield tag="005">20161230201033</controlfield><controlfield tag="008">060222s1000------------r-----000-0-eng-d</controlfield><datafield ind1=" " ind2=" " tag="040"><subfield code="a">IFIN-HH</subfield></datafield><datafield ind1=" " ind2=" " tag="080"><subfield code="a">539.12.162.8(061.3)</subfield></datafield><datafield ind1="1" ind2=" " tag="100"><subfield code="a">Duff, B.G</subfield></datafield><datafield ind1="1" ind2="0" tag="245"><subfield code="a">Proceedings of the school for young high energy physicists rutherford and appleton laboratories, sept. 10-27, 1979</subfield><subfield code="c">B.g. duff (ed.)</subfield></datafield><datafield ind1=" " ind2=" " tag="260"><subfield code="a">Chilton</subfield><subfield code="b">The Science Research Council</subfield><subfield code="c">1980</subfield></datafield><datafield ind1=" " ind2=" " tag="300"><subfield code="a">290 P</subfield></datafield><datafield ind1=" " ind2=" " tag="490"><subfield code="a">Rutherford And Appleton Laboratoires</subfield></datafield><datafield ind1=" " ind2=" " tag="852"><subfield code="a">49373</subfield><subfield code="c">539.12</subfield></datafield><datafield ind1=" " ind2=" " tag="CAT"><subfield code="a">Sys</subfield><subfield code="c">20111208</subfield><subfield code="h">092503</subfield></datafield></record></collection>